%! Author = ricky
%! Date = 20/9/2023

